<?xml version="1.0" encoding="UTF-8" ?>
<record Numero="13912672" format="InterXMarc_Complet" type="Authority">
<leader>01530c0 au22000272  45  <Pos Code="0004">01530</Pos>
<Pos Code="05" Sens="notice modifiée">c</Pos>
<Pos Code="06" Sens="notice validée par les services d&apos;autorité">0</Pos>
<Pos Code="08" Sens="notice d&apos;autorité">a</Pos>
<Pos Code="09" Sens="titre uniforme musical (TUM)">u</Pos>
<Pos Code="10">2</Pos>
<Pos Code="11">2</Pos>
<Pos Code="1216">00027</Pos>
<Pos Code="17" Sens="autres cas">2</Pos>
<Pos Code="20">4</Pos>
<Pos Code="21">5</Pos>
</leader>
<controlfield tag="001">FRBNF139126726<Pos Code="0001">FR</Pos>
<Pos Code="0204">BNF</Pos>
<Pos Code="0512">13912672</Pos>
<Pos Code="13">6</Pos>
</controlfield>
<controlfield tag="008">890821130923yy    su        1909      1912                   1   <Pos Code="0001">89</Pos>
<Pos Code="0203">08</Pos>
<Pos Code="0405">21</Pos>
<Pos Code="0607">13</Pos>
<Pos Code="0809">09</Pos>
<Pos Code="1011">23</Pos>
<Pos Code="1213" Sens="ne s&apos;applique pas">yy</Pos>
<Pos Code="1820" Sens="suite [ordre => suite, suite de ballet => suite, suite de pièces => suite]">su </Pos>
<Pos Code="2831">1909</Pos>
<Pos Code="3841">1912</Pos>
<Pos Code="61" Sens="La vedette peut être liée à une notice bibliographique sauf pour l&apos;accès matière RAMEAU">1</Pos>
</controlfield>
<datafield tag="048" ind1=" " ind2=" ">
	<subfield code="a">ka01<Pos Code="0001" Sens="clavier - piano">ka</Pos>
<Pos Code="02">0</Pos>
<Pos Code="03">1</Pos>
</subfield>
</datafield>
<datafield tag="100" ind1=" " ind2=" ">
	<subfield code="3">13894655</subfield>
	<subfield code="w">.0..b.....</subfield>
	<subfield code="a">Granados</subfield>
	<subfield code="m">Enrique</subfield>
	<subfield code="d">1867-1916</subfield>
</datafield>
<datafield tag="144" ind1="1" ind2=" ">
	<subfield code="w">....b.spa.</subfield>
	<subfield code="a">Goyescas</subfield>
	<subfield code="e">Musique pour piano</subfield>
</datafield>
<datafield tag="302" ind1=" " ind2=" ">
	<subfield code="3">14801094</subfield>
	<subfield code="a">Granados</subfield>
	<subfield code="m">Enrique</subfield>
	<subfield code="d">1867-1916</subfield>
	<subfield code="t" Barre="5">[Los requiebros]</subfield>
</datafield>
<datafield tag="302" ind1=" " ind2=" ">
	<subfield code="3">14801095</subfield>
	<subfield code="a">Granados</subfield>
	<subfield code="m">Enrique</subfield>
	<subfield code="d">1867-1916</subfield>
	<subfield code="t">[Coloquio en la reja]</subfield>
</datafield>
<datafield tag="302" ind1=" " ind2=" ">
	<subfield code="3">14801096</subfield>
	<subfield code="a">Granados</subfield>
	<subfield code="m">Enrique</subfield>
	<subfield code="d">1867-1916</subfield>
	<subfield code="t" Barre="4">[El fandango de Candil]</subfield>
</datafield>
<datafield tag="302" ind1=" " ind2=" ">
	<subfield code="3">13912673</subfield>
	<subfield code="a">Granados</subfield>
	<subfield code="m">Enrique</subfield>
	<subfield code="d">1867-1916</subfield>
	<subfield code="t">[Quejas o La maja y el ruiseñor]</subfield>
</datafield>
<datafield tag="302" ind1=" " ind2=" ">
	<subfield code="3">14788776</subfield>
	<subfield code="a">Granados</subfield>
	<subfield code="m">Enrique</subfield>
	<subfield code="d">1867-1916</subfield>
	<subfield code="t" Barre="4">[El amor y la muerte]</subfield>
</datafield>
<datafield tag="302" ind1=" " ind2=" ">
	<subfield code="3">14787979</subfield>
	<subfield code="a">Granados</subfield>
	<subfield code="m">Enrique</subfield>
	<subfield code="d">1867-1916</subfield>
	<subfield code="t">[Epílogo]</subfield>
</datafield>
<datafield tag="444" ind1="1" ind2=" ">
	<subfield code="w">....b.spa.</subfield>
	<subfield code="a">Goyescas o Los majos enamorados</subfield>
</datafield>
<datafield tag="444" ind1="1" ind2=" ">
	<subfield code="w">....b.spa.</subfield>
	<subfield code="a" Barre="4">Los majos enamorados</subfield>
</datafield>
<datafield tag="600" ind1=" " ind2=" ">
	<subfield code="a">6 pièces en 2 volumes</subfield>
	<subfield code="a">Titre complet : &quot;Goyescas o Los majos enamorados&quot;</subfield>
	<subfield code="a">Dates de composition : 1909-1911 (vol. 1), 1911-1912 (vol. 2)</subfield>
	<subfield code="a">1re éd. : Barcelone, 1912 (vol. 1, no 1-4) ; Barcelone, 1913 (vol. 2, no 5-6)</subfield>
</datafield>
<datafield tag="600" ind1=" " ind2=" ">
	<subfield code="a">Comprend : &quot;Los requiebros&quot; (no 1) ; &quot;Coloquio en la reja, duo de amor&quot; (no 2) ; &quot;El fandango de Candil&quot; (no 3) ; &quot;Quejas o La maja y el ruiseñor&quot; (no 4) ; &quot;El amor y la muerte&quot; (no 5) ; &quot;Epílogo : serenata del espectro&quot; (no 6)</subfield>
</datafield>
<datafield tag="600" ind1=" " ind2=" ">
	<subfield code="a">Réutilisé en partie dans l&apos;opéra en 1 acte de même titre</subfield>
</datafield>
<datafield tag="610" ind1=" " ind2=" ">
	<subfield code="a">Grove music online</subfield>
	<subfield code="u">http://www.oxfordmusiconline.com</subfield>
	<subfield code="d">2013-09-19</subfield>
</datafield>
<datafield tag="917" ind1=" " ind2=" ">
	<subfield code="o">OPC</subfield>
	<subfield code="a">100416450</subfield>
</datafield>
<datafield tag="917" ind1=" " ind2=" ">
	<subfield code="o">OPD</subfield>
	<subfield code="a">100102980</subfield>
	<subfield code="b">ATUM</subfield>
</datafield>
<datafield tag="917" ind1=" " ind2=" ">
	<subfield code="o">OPD</subfield>
	<subfield code="a">100499970</subfield>
	<subfield code="b">ATUM</subfield>
</datafield>
<datafield tag="917" ind1=" " ind2=" ">
	<subfield code="o">OPD</subfield>
	<subfield code="a">100792690</subfield>
	<subfield code="b">ATUM</subfield>
</datafield>
<datafield tag="996" ind1=" " ind2=" ">
	<subfield code="o">OPP</subfield>
	<subfield code="a">14788004</subfield>
	<subfield code="d">20130923</subfield>
</datafield>
<datafield tag="996" ind1=" " ind2=" ">
	<subfield code="o">OPP</subfield>
	<subfield code="a">14823143</subfield>
	<subfield code="d">20130923</subfield>
</datafield>
<datafield tag="996" ind1=" " ind2=" ">
	<subfield code="o">OPP</subfield>
	<subfield code="a">14848843</subfield>
	<subfield code="d">20130923</subfield>
</datafield>
<Alter Ori="13894655">
<datafield tag="400" ind1=" " ind2=" ">
	<subfield code="w">....b.....</subfield>
	<subfield code="a">Granados y Campiña</subfield>
	<subfield code="m">Enrique</subfield>
	<subfield code="d">1867-1916</subfield>
</datafield>
<datafield tag="400" ind1=" " ind2=" ">
	<subfield code="w">....b.....</subfield>
	<subfield code="a">Campiña</subfield>
	<subfield code="m">Enrique Granados y</subfield>
	<subfield code="d">1867-1916</subfield>
</datafield>
<datafield tag="400" ind1=" " ind2=" ">
	<subfield code="w">....b.cat.</subfield>
	<subfield code="a">Granados</subfield>
	<subfield code="m">Enric</subfield>
	<subfield code="d">1867-1916</subfield>
</datafield>
</Alter>
<Attr Nom="IDPerenne">ark:/12148/cb13912672b</Attr>
<Attr Nom="NumSource">OPC 100416450</Attr>
<Attr Nom="Source" Sens="BnF catalogue général (depuis 1999)">A</Attr>
<Attr Nom="NumAutoriteLiee">13894655148010941480109514801096139126731478877614787979</Attr>
<Attr Nom="DateCreation">21/08/ 1989</Attr>
<Attr Nom="ResponsableCreation">MIGV2</Attr>
<Attr Nom="StructCreation">1</Attr>
<Attr Nom="DateDerniereValidation">23/09/ 2013</Attr>
<Attr Nom="ResponsableDerniereValidation">PUYRENIER FREDERIC</Attr>
<Attr Nom="StructPremiereValidation">1</Attr>
<Attr Nom="DatePremiereValidation">21/08/ 1989</Attr>
<Attr Nom="ResponsablePremiereValidation">MIGV2</Attr>
<Attr Nom="StructDerniereValidation">82</Attr>
<Attr Nom="NumSource" Rep="1">OPD 100102980</Attr>
<Attr Nom="NumSource" Rep="2">OPD 100499970</Attr>
<Attr Nom="NumSource" Rep="3">OPD 100792690</Attr>
<Attr Nom="NumSource" Rep="4">OPP 14788004</Attr>
<Attr Nom="NumSource" Rep="5">OPP 14823143</Attr>
<Attr Nom="NumSource" Rep="6">OPP 14848843</Attr>
</record>
